<record><leader>00000cas a22000007a 4500</leader><controlfield tag="001">13139554</controlfield><controlfield tag="008">860211d18181820ohuwr ne      0    0eng d</controlfield><datafield ind1=" " ind2=" " tag="010"><subfield code="a">sn 86079058 </subfield></datafield><datafield ind1=" " ind2=" " tag="040"><subfield code="a">NPU</subfield><subfield code="b">eng</subfield><subfield code="c">NPU</subfield><subfield code="d">ONP</subfield><subfield code="d">OCLCQ</subfield></datafield><datafield ind1=" " ind2=" " tag="042"><subfield code="a">msc</subfield></datafield><datafield ind1="0" ind2=" " tag="130"><subfield code="a">Reading-room (Xenia, Ohio : 1818)</subfield></datafield><datafield ind1="1" ind2="4" tag="245"><subfield code="a">The Reading-room.</subfield></datafield><datafield ind1="1" ind2="3" tag="246"><subfield code="a">Reading-room and Ohio interior gazette</subfield></datafield><datafield ind1=" " ind2=" " tag="260"><subfield code="a">Xenia [Ohio] :</subfield><subfield code="b">John Kendall</subfield></datafield><datafield ind1=" " ind2=" " tag="300"><subfield code="a">v. ;</subfield><subfield code="c">45 cm.</subfield></datafield><datafield ind1=" " ind2=" " tag="310"><subfield code="a">Weekly</subfield></datafield><datafield ind1="1" ind2=" " tag="362"><subfield code="a">Began in May 1818?</subfield><subfield code="z">Cf. Gutgesell, S. Guide to Ohio newspapers, 1974.</subfield></datafield><datafield ind1="1" ind2=" " tag="362"><subfield code="a">Ceased in 1820.</subfield><subfield code="z">Cf. Brigham, C. History and bibliography of American newspapers, 1947.</subfield></datafield><datafield ind1=" " ind2=" " tag="500"><subfield code="a">Publisher: John Kendall, &lt;1819-1820&gt;.</subfield></datafield><datafield ind1=" " ind2=" " tag="500"><subfield code="a">Published on Thursday.</subfield></datafield><datafield ind1=" " ind2=" " tag="500"><subfield code="a">"There lie the Gazettes, Hamlet, Blake, Variety combined."</subfield></datafield><datafield ind1=" " ind2=" " tag="500"><subfield code="a">Editor: John Kendall, &lt;1819-1820&gt;.</subfield></datafield><datafield ind1=" " ind2=" " tag="588"><subfield code="a">Description based on: Vol. 2, no. 3 (May 6, 1819) = whole no. 55.</subfield></datafield><datafield ind1=" " ind2=" " tag="752"><subfield code="a">United States</subfield><subfield code="b">Ohio</subfield><subfield code="c">Greene</subfield><subfield code="d">Xenia.</subfield></datafield><datafield ind1="0" ind2="0" tag="785"><subfield code="t">Reading room and Ohio interior gazette</subfield><subfield code="w">(DLC)sn 88077016</subfield></datafield><datafield ind1="1" ind2=" " tag="029"><subfield code="a">AU@</subfield><subfield code="b">000025810624</subfield></datafield></record>